@book
{
    MHJ,
    AUTHOR = {},
     TITLE = {},
 PUBLISHER = {},
      YEAR = {},
      URL = {}
}

@book
{
    oppgave,
    AUTHOR = {Morten Hjort Jensen},
    TITLE = {Project 1},
    PUBLISHER = {Department of Physics, University of Oslo},
    YEAR = {2018},
    URL = {https://github.com/ManyBodyPhysics/FYS4480/blob/master/doc/Projects/2018/Project1/pdf/Project1.pdf}
}

@book
{
    shavittnbartless,
    AUTHOR = {Isaiah Shavitt, Rodney J Bartlett},
    TITLE = {Many-Body Methods in Chemistry and Physics},
    PUBLISHER = {Cambridge University Press},
    YEAR = {2009}
}

@book
{
    advanced,
    AUTHOR = {Morten Hjorth Jensen, Maria Paola Lombardo, Ubirajara van Kolck},
    TITLE = {Advanced Computational Nuclear Physics},
    PUBLISHER = {Springer},
    YEAR = {2009}
}
@book
{
    statelem,
    AUTHOR = {Trevor Hastie, Robert Tibshirani, Jerome Friedman},
     TITLE = {The Elements of Statistical Learning},
 PUBLISHER = {Springer},
      YEAR = {2017},
}